%% This BibTeX bibliography file was created using BibDesk.
%% http://bibdesk.sourceforge.net/

%% Created for Gerko Vink at 2016-02-05 16:46:59 -0500 


%% Saved with string encoding Unicode (UTF-8) 



@article{raghunathan2003multiple,
	Author = {Raghunathan, Trivellore E and Reiter, Jerome P and Rubin, Donald B},
	Date-Added = {2016-02-05 21:45:54 +0000},
	Date-Modified = {2016-02-05 21:45:54 +0000},
	Journal = {Journal of Official Statistics},
	Number = {1},
	Pages = {1},
	Publisher = {Statistics Sweden (SCB)},
	Title = {Multiple imputation for statistical disclosure limitation},
	Volume = {19},
	Year = {2003}}

@article{li2012imputing,
	Author = {Li, Fan and Yu, Yaming and Rubin, Donald B},
	Date-Added = {2016-02-05 21:34:21 +0000},
	Date-Modified = {2016-02-05 21:34:21 +0000},
	Journal = {Duke University Department of Statistical Science Discussion Paper},
	Title = {Imputing missing data by fully conditional models: Some cautionary examples and guidelines},
	Volume = {1124},
	Year = {2012}}

@article{abayomi2008diagnostics,
	Author = {Abayomi, Kobi and Gelman, Andrew and Levy, Marc},
	Date-Added = {2016-02-05 21:01:33 +0000},
	Date-Modified = {2016-02-05 21:01:33 +0000},
	Journal = {Journal of the Royal Statistical Society: Series C (Applied Statistics)},
	Number = {3},
	Pages = {273--291},
	Publisher = {Wiley Online Library},
	Title = {Diagnostics for multivariate imputations},
	Volume = {57},
	Year = {2008}}

@article{shara2015randomly,
	Author = {Shara, Nawar and Yassin, Sayf A and Valaitis, Eduardas and Wang, Hong and Howard, Barbara V and Wang, Wenyu and Lee, Elisa T and Umans, Jason G},
	Date-Added = {2016-02-05 20:16:12 +0000},
	Date-Modified = {2016-02-05 20:16:12 +0000},
	Journal = {PloS one},
	Number = {9},
	Pages = {e0138923},
	Publisher = {Public Library of Science},
	Title = {Randomly and non-randomly missing renal function data in the strong heart study: a comparison of imputation methods},
	Volume = {10},
	Year = {2015}}

@article{rubin1986statistical,
	Author = {Rubin, Donald B},
	Date-Added = {2016-02-05 18:56:47 +0000},
	Date-Modified = {2016-02-05 18:56:47 +0000},
	Journal = {Journal of Business \& Economic Statistics},
	Number = {1},
	Pages = {87--94},
	Publisher = {Taylor \& Francis Group},
	Title = {Statistical matching using file concatenation with adjusted weights and multiple imputations},
	Volume = {4},
	Year = {1986}}

@article{little1988missing,
	Author = {Little, Roderick JA},
	Date-Added = {2016-02-05 18:55:45 +0000},
	Date-Modified = {2016-02-05 18:55:45 +0000},
	Journal = {Journal of Business \& Economic Statistics},
	Number = {3},
	Pages = {287--296},
	Publisher = {Taylor \& Francis},
	Title = {Missing-data adjustments in large surveys},
	Volume = {6},
	Year = {1988}}

@phdthesis{brand1999development,
	Author = {Brand, Jaap},
	Date-Added = {2016-02-05 17:56:37 +0000},
	Date-Modified = {2016-02-05 20:18:12 +0000},
	School = {Erasmus University Rotterdam},
	Title = {Development, implementation and evaluation of multiple imputation strategies for the statistical analysis of incomplete data sets},
	Year = {1999}}

@article{van2006fully,
	Author = {Van Buuren, Stef and Brand, Jaap PL and Groothuis-Oudshoorn, CGM and Rubin, Donald B},
	Date-Added = {2016-02-05 17:56:23 +0000},
	Date-Modified = {2016-02-05 17:56:23 +0000},
	Journal = {Journal of statistical computation and simulation},
	Number = {12},
	Pages = {1049--1064},
	Publisher = {Taylor \& Francis},
	Title = {Fully conditional specification in multivariate imputation},
	Volume = {76},
	Year = {2006}}

@book{molenberghs2014handbook,
	Author = {Molenberghs, Geert and Fitzmaurice, Garrett and Kenward, Michael G and Tsiatis, Anastasios and Verbeke, Geert},
	Date-Added = {2016-02-05 13:36:42 +0000},
	Date-Modified = {2016-02-05 13:36:42 +0000},
	Publisher = {CRC Press},
	Title = {Handbook of Missing Data Methodology},
	Year = {2014}}

@manual{R,
	Address = {Vienna, Austria},
	Author = {R Core Team},
	Date-Added = {2016-02-04 23:33:33 +0000},
	Date-Modified = {2016-02-04 23:35:08 +0000},
	Journal = {http://www.r-project.org},
	Organization = {R Foundation for Statistical Computing},
	Title = {R: A language and environment for statistical computing },
	Year = {2015}}

@article{mice,
	Author = {van Buuren, Stef and Groothuis-Oudshoorn, Karin},
	Date-Added = {2016-02-04 23:31:15 +0000},
	Date-Modified = {2016-02-04 23:32:22 +0000},
	Journal = {Journal of statistical software},
	Number = {3},
	Publisher = {American Statistical Association},
	Title = {mice: Multivariate imputation by chained equations in R},
	Volume = {45},
	Year = {2011}}

@book{fimd,
	Author = {Van Buuren, Stef},
	Date-Added = {2016-02-04 22:35:13 +0000},
	Date-Modified = {2016-02-04 22:35:43 +0000},
	Publisher = {CRC press},
	Title = {Flexible imputation of missing data},
	Year = {2012}}

@article{meng1994multiple,
	Author = {Meng, Xiao-Li},
	Date-Added = {2016-02-04 19:29:48 +0000},
	Date-Modified = {2016-02-04 23:48:01 +0000},
	Journal = {Statistical Science},
	Number = {4},
	Pages = {538--558},
	Publisher = {JSTOR},
	Title = {Multiple-imputation inferences with uncongenial sources of input},
	Volume = {9},
	Year = {1994}}

@article{molenberghs2008every,
	Author = {Molenberghs, Geert and Beunckens, Caroline and Sotto, Cristina and Kenward, Michael G},
	Date-Added = {2016-02-04 19:19:43 +0000},
	Date-Modified = {2016-02-04 19:19:43 +0000},
	Journal = {Journal of the Royal Statistical Society: Series B (Statistical Methodology)},
	Number = {2},
	Pages = {371--388},
	Publisher = {Wiley Online Library},
	Title = {Every missingness not at random model has a missingness at random counterpart with equal fit},
	Volume = {70},
	Year = {2008}}

@article{little2012calibrated,
	Author = {Little, Roderick J},
	Date-Added = {2016-02-01 08:06:53 +0000},
	Date-Modified = {2016-02-01 08:06:53 +0000},
	Journal = {Journal of Official Statistics},
	Number = {3},
	Pages = {309},
	Title = {Calibrated Bayes, an alternative inferential paradigm for official statistics},
	Volume = {28},
	Year = {2012}}

@article{pulkki2015cumulative,
	Author = {Pulkki-R{\aa}back, Laura and Elovainio, Marko and Hakulinen, Christian and Lipsanen, Jari and Hintsanen, Mirka and Jokela, Markus and Kubzansky, Laura D and Hintsa, Taina and Serlachius, Anna and Laitinen, Tomi T and others},
	Date-Added = {2016-02-01 08:06:53 +0000},
	Date-Modified = {2016-02-01 08:06:53 +0000},
	Journal = {Circulation},
	Number = {3},
	Pages = {245--253},
	Publisher = {Am Heart Assoc},
	Title = {Cumulative Effect of Psychosocial Factors in Youth on Ideal Cardiovascular Health in Adulthood The Cardiovascular Risk in Young Finns Study},
	Volume = {131},
	Year = {2015}}

@article{wong2015economic,
	Author = {Wong, Frances Kam Yuet and So, Ching and Chau, June and Law, Antony Kwan Pui and Tam, Stanley Ku Fu and McGhee, Sarah},
	Date-Added = {2016-02-01 08:06:53 +0000},
	Date-Modified = {2016-02-01 08:06:53 +0000},
	Journal = {Age and ageing},
	Number = {1},
	Pages = {143--147},
	Publisher = {Br Geriatrics Soc},
	Title = {Economic evaluation of the differential benefits of home visits with telephone calls and telephone calls only in transitional discharge support},
	Volume = {44},
	Year = {2015}}

@article{crowley2014flexible,
	Author = {Crowley, Jocelyn Elise and Kolenikov, Stanislav},
	Date-Added = {2016-02-01 08:06:53 +0000},
	Date-Modified = {2016-02-01 08:06:53 +0000},
	Journal = {The Sociological Quarterly},
	Number = {1},
	Pages = {168--195},
	Publisher = {Wiley Online Library},
	Title = {Flexible Work Options and Mothers' Perceptions of Career Harm},
	Volume = {55},
	Year = {2014}}

@article{alkire2015global,
	Author = {Alkire, Blake C and Raykar, Nakul P and Shrime, Mark G and Weiser, Thomas G and Bickler, Stephen W and Rose, John A and Nutt, Cameron T and Greenberg, Sarah LM and Kotagal, Meera and Riesel, Johanna N and others},
	Date-Added = {2016-02-01 08:06:53 +0000},
	Date-Modified = {2016-02-01 08:06:53 +0000},
	Journal = {The Lancet Global Health},
	Number = {6},
	Pages = {e316--e323},
	Publisher = {Elsevier},
	Title = {Global access to surgical care: a modelling study},
	Volume = {3},
	Year = {2015}}

@article{sorbi2014medium,
	Author = {Sorbi, MJ and Kleiboer, AM and van Silfhout, HG and Vink, G and Passchier, J},
	Date-Added = {2016-02-01 08:06:53 +0000},
	Date-Modified = {2016-02-01 08:06:53 +0000},
	Journal = {Cephalalgia},
	Pages = {0333102414547137},
	Publisher = {SAGE Publications},
	Title = {Medium-term effectiveness of online behavioral training in migraine self-management: A randomized trial controlled over 10 months},
	Year = {2014}}

@article{neyman1934two,
	Author = {Neyman, Jerzy},
	Date-Added = {2016-02-01 08:06:53 +0000},
	Date-Modified = {2016-02-01 08:06:53 +0000},
	Journal = {Journal of the Royal Statistical Society},
	Number = {4},
	Pages = {558--625},
	Publisher = {JSTOR},
	Title = {On the two different aspects of the representative method: the method of stratified sampling and the method of purposive selection},
	Volume = {97},
	Year = {1934}}

@article{stinesen2015reduced,
	Author = {Stinesen Kollberg, Karin and Waldenstr{\"o}m, Ann-Charlotte and Bergmark, Karin and Dunberger, Gail and Rossander, Anna and Wilder{\"a}ng, Ulrica and {\AA}vall-Lundqvist, Elisabeth and Steineck, Gunnar},
	Date-Added = {2016-02-01 08:06:53 +0000},
	Date-Modified = {2016-02-01 08:06:53 +0000},
	Journal = {Acta Oncologica},
	Number = {5},
	Pages = {772--779},
	Publisher = {Taylor \& Francis},
	Title = {Reduced vaginal elasticity, reduced lubrication, and deep and superficial dyspareunia in irradiated gynecological cancer survivors},
	Volume = {54},
	Year = {2015}}

@article{klausch2015selection,
	Author = {Klausch, Thomas and Hox, Joop and Schouten, Barry},
	Date-Added = {2016-02-01 08:06:53 +0000},
	Date-Modified = {2016-02-01 08:06:53 +0000},
	Journal = {Journal of the Royal Statistical Society: Series A (Statistics in Society)},
	Number = {4},
	Pages = {945--961},
	Publisher = {Wiley Online Library},
	Title = {Selection error in single-and mixed mode surveys of the Dutch general population},
	Volume = {178},
	Year = {2015}}

@article{dafoe2013democratic,
	Author = {Dafoe, Allan and Oneal, John R and Russett, Bruce},
	Date-Added = {2016-02-01 08:06:53 +0000},
	Date-Modified = {2016-02-01 08:06:53 +0000},
	Journal = {International Studies Quarterly},
	Number = {1},
	Pages = {201--214},
	Publisher = {Wiley Online Library},
	Title = {The democratic peace: Weighing the evidence and cautious inference},
	Volume = {57},
	Year = {2013}}

@article{allan2015determinants,
	Author = {Allan, Stephen and Forder, Julien},
	Date-Added = {2016-02-01 08:06:53 +0000},
	Date-Modified = {2016-02-01 08:06:53 +0000},
	Journal = {Health economics},
	Number = {S1},
	Pages = {132--145},
	Publisher = {Wiley Online Library},
	Title = {The determinants of care home closure},
	Volume = {24},
	Year = {2015}}

@article{de2014religiosity,
	Author = {De Hoon, Sean and Van Tubergen, Frank},
	Date-Added = {2016-02-01 08:06:53 +0000},
	Date-Modified = {2016-02-01 08:06:53 +0000},
	Journal = {European sociological review},
	Pages = {jcu038},
	Publisher = {Oxford Univ Press},
	Title = {The Religiosity of Children of Immigrants and Natives in England, Germany, and the Netherlands: The Role of Parents and Peers in Class},
	Year = {2014}}

@article{rubin1976inference,
	Author = {Rubin, Donald B},
	Date-Added = {2016-01-31 19:05:50 +0000},
	Date-Modified = {2016-01-31 19:05:50 +0000},
	Journal = {Biometrika},
	Number = {3},
	Pages = {581--592},
	Publisher = {Biometrika Trust},
	Title = {Inference and missing data},
	Volume = {63},
	Year = {1976}}

@article{vink2014pooling,
	Author = {Vink, Gerko and van Buuren, Stef},
	Date-Added = {2016-01-31 18:55:15 +0000},
	Date-Modified = {2016-01-31 18:55:15 +0000},
	Journal = {arXiv preprint arXiv:1409.8542},
	Title = {Pooling multiple imputations when the sample happens to be the population},
	Year = {2014}}

@article{little2012prevention,
	Author = {Little, Roderick J and D'Agostino, Ralph and Cohen, Michael L and Dickersin, Kay and Emerson, Scott S and Farrar, John T and Frangakis, Constantine and Hogan, Joseph W and Molenberghs, Geert and Murphy, Susan A and others},
	Date-Added = {2016-01-31 18:40:06 +0000},
	Date-Modified = {2016-01-31 18:40:06 +0000},
	Journal = {New England Journal of Medicine},
	Number = {14},
	Pages = {1355--1360},
	Publisher = {Mass Medical Soc},
	Title = {The prevention and treatment of missing data in clinical trials},
	Volume = {367},
	Year = {2012}}

@book{rubin1987,
	Author = {Rubin, Donald B},
	Date-Added = {2016-01-31 18:37:31 +0000},
	Date-Modified = {2016-01-31 18:41:54 +0000},
	Publisher = {John Wiley \& Sons},
	Title = {Multiple imputation for nonresponse in surveys},
	Year = {1987}}
